<record><leader>00000cas a22000007a 4500</leader><controlfield tag="001">11643669</controlfield><controlfield tag="008">850131c19849999iauwr ne      0   a0eng d</controlfield><datafield ind1=" " ind2=" " tag="010"><subfield code="a">sn 85000434 </subfield></datafield><datafield ind1=" " ind2=" " tag="040"><subfield code="a">NSD</subfield><subfield code="b">eng</subfield><subfield code="c">NSD</subfield><subfield code="d">INP</subfield><subfield code="d">NSD</subfield><subfield code="d">OCLCQ</subfield></datafield><datafield ind1=" " ind2=" " tag="012"><subfield code="j">0</subfield><subfield code="l">a</subfield><subfield code="m">X</subfield></datafield><datafield ind1="1" ind2=" " tag="022"><subfield code="a">8750-6394</subfield><subfield code="l">8750-6394</subfield><subfield code="2">1</subfield></datafield><datafield ind1=" " ind2=" " tag="032"><subfield code="a">045820</subfield><subfield code="b">USPS</subfield></datafield><datafield ind1=" " ind2=" " tag="037"><subfield code="b">The News Gazette, P.O. Box 130, Bayard, 1A 50029</subfield></datafield><datafield ind1=" " ind2=" " tag="042"><subfield code="a">nsdp</subfield></datafield><datafield ind1="0" ind2=" " tag="130"><subfield code="a">News gazette (Bagley, Jamaica, Yale edition)</subfield></datafield><datafield ind1=" " ind2="4" tag="222"><subfield code="a">The News gazette</subfield><subfield code="b">(Bagley, Jamaica, Yale ed.)</subfield></datafield><datafield ind1="1" ind2="4" tag="245"><subfield code="a">The news gazette.</subfield></datafield><datafield ind1=" " ind2=" " tag="250"><subfield code="a">Bagley, Jamaica, Yale ed.</subfield></datafield><datafield ind1=" " ind2=" " tag="260"><subfield code="a">Bayard, Iowa :</subfield><subfield code="b">Central Iowa Pub.,</subfield><subfield code="c">1984-</subfield></datafield><datafield ind1=" " ind2=" " tag="300"><subfield code="a">v.</subfield></datafield><datafield ind1=" " ind2=" " tag="310"><subfield code="a">Weekly</subfield></datafield><datafield ind1="1" ind2=" " tag="362"><subfield code="a">Vol. 101, no. 49 (Dec. 6, 1984)-</subfield></datafield><datafield ind1=" " ind2=" " tag="515"><subfield code="a">Assumed numbering of: News gazette (Bayard edition).</subfield></datafield><datafield ind1=" " ind2=" " tag="752"><subfield code="a">United States</subfield><subfield code="b">Iowa</subfield><subfield code="c">Guthrie</subfield><subfield code="d">Bayard.</subfield></datafield><datafield ind1=" " ind2=" " tag="752"><subfield code="a">United States</subfield><subfield code="b">Iowa</subfield><subfield code="c">Guthrie</subfield><subfield code="d">Bagley.</subfield></datafield><datafield ind1=" " ind2=" " tag="752"><subfield code="a">United States</subfield><subfield code="b">Iowa</subfield><subfield code="c">Guthrie</subfield><subfield code="d">Jamaica.</subfield></datafield><datafield ind1=" " ind2=" " tag="752"><subfield code="a">United States</subfield><subfield code="b">Iowa</subfield><subfield code="c">Guthrie</subfield><subfield code="d">Yale.</subfield></datafield><datafield ind1="0" ind2=" " tag="775"><subfield code="t">News gazette (Bayard edition)</subfield><subfield code="x">8756-6192</subfield><subfield code="w">(DLC)sn 87057650</subfield></datafield><datafield ind1="0" ind2="0" tag="780"><subfield code="t">Bagley gazette (Bagley, Iowa : 1929)</subfield><subfield code="w">(DLC)sn 87057646</subfield></datafield><datafield ind1=" " ind2=" " tag="936"><subfield code="a">Dec. 6, 1984</subfield></datafield><datafield ind1="1" ind2=" " tag="029"><subfield code="a">AU@</subfield><subfield code="b">000025784246</subfield></datafield></record>